<record><leader>00000cas a22000007a 4500</leader><controlfield tag="001">14918580</controlfield><controlfield tag="008">861203d18uu190utxuwr ne      0    0eng d</controlfield><datafield ind1=" " ind2=" " tag="010"><subfield code="a">sn 86090316 </subfield></datafield><datafield ind1=" " ind2=" " tag="040"><subfield code="a">PPM</subfield><subfield code="b">eng</subfield><subfield code="c">PPM</subfield><subfield code="d">OCLCQ</subfield></datafield><datafield ind1=" " ind2=" " tag="042"><subfield code="a">msc</subfield></datafield><datafield ind1="0" ind2=" " tag="130"><subfield code="a">Tyler courier (Tyler, Tex.)</subfield></datafield><datafield ind1="1" ind2="4" tag="245"><subfield code="a">The Tyler courier.</subfield></datafield><datafield ind1=" " ind2=" " tag="260"><subfield code="a">Tyler, Tex. :</subfield><subfield code="b">L.M. Green</subfield></datafield><datafield ind1=" " ind2=" " tag="310"><subfield code="a">Weekly</subfield></datafield><datafield ind1=" " ind2=" " tag="588"><subfield code="a">Description based on: Vol. 15, no. 36 (Sept. 18, 1897).</subfield></datafield><datafield ind1=" " ind2=" " tag="752"><subfield code="a">United States</subfield><subfield code="b">Texas</subfield><subfield code="c">Smith</subfield><subfield code="d">Tyler.</subfield></datafield><datafield ind1="0" ind2=" " tag="775"><subfield code="t">Daily courier (Tyler, Tex.)</subfield><subfield code="w">(DLC)sn 86090305</subfield></datafield><datafield ind1="0" ind2="0" tag="780"><subfield code="t">Tyler weekly courier</subfield><subfield code="w">(DLC)sn 87090738</subfield></datafield><datafield ind1="0" ind2="0" tag="785"><subfield code="t">Semi=weekly courier (Tyler, Tex.)</subfield><subfield code="w">(DLC)sn 86090306</subfield></datafield></record>